<record><leader>00000cas a2200000 a 4500</leader><controlfield tag="001">14979218</controlfield><controlfield tag="008">861216c19119999vauwr ne      0   a0eng d</controlfield><datafield ind1=" " ind2=" " tag="010"><subfield code="a">sn 91066789 </subfield></datafield><datafield ind1=" " ind2=" " tag="040"><subfield code="a">VMC</subfield><subfield code="b">eng</subfield><subfield code="c">VMC</subfield><subfield code="d">NYS</subfield><subfield code="d">NVK</subfield><subfield code="d">OCL</subfield><subfield code="d">NVK</subfield><subfield code="d">OCLCQ</subfield><subfield code="d">OCLCF</subfield><subfield code="d">OCLCO</subfield></datafield><datafield ind1="1" ind2=" " tag="029"><subfield code="a">AU@</subfield><subfield code="b">000020684187</subfield></datafield><datafield ind1=" " ind2=" " tag="042"><subfield code="a">msc</subfield></datafield><datafield ind1=" " ind2=" " tag="043"><subfield code="a">n-us-va</subfield></datafield><datafield ind1="0" ind2="0" tag="245"><subfield code="a">Page news and courier.</subfield></datafield><datafield ind1="1" ind2="7" tag="246"><subfield code="a">65th anniversary and progress edition</subfield><subfield code="f">June 28, 1932</subfield></datafield><datafield ind1=" " ind2=" " tag="260"><subfield code="a">Luray, Va. :</subfield><subfield code="b">Page-Shenandoah Newspaper Corp.</subfield></datafield><datafield ind1=" " ind2=" " tag="300"><subfield code="a">v. ;</subfield><subfield code="c">55 cm.</subfield></datafield><datafield ind1=" " ind2=" " tag="310"><subfield code="a">Weekly,</subfield><subfield code="b">&lt;1942&gt;-</subfield></datafield><datafield ind1=" " ind2=" " tag="321"><subfield code="a">Semiweekly,</subfield><subfield code="b">Mar. 27, 1923-&lt;Aug. 25, 1933&gt;</subfield></datafield><datafield ind1=" " ind2=" " tag="321"><subfield code="a">Weekly,</subfield><subfield code="b">&lt;Aug. 16, 1912&gt;</subfield></datafield><datafield ind1="1" ind2=" " tag="362"><subfield code="a">Began May 20, 1911.</subfield></datafield><datafield ind1=" " ind2=" " tag="515"><subfield code="a">Issue for May 12, 1922 called: Old Ser. v. 45 &amp; new ser. v.9, no. 50.</subfield></datafield><datafield ind1=" " ind2=" " tag="530"><subfield code="a">Available on microfilm from Bell &amp; Howell; and from U.M.I.</subfield></datafield><datafield ind1=" " ind2=" " tag="588"><subfield code="a">Description based on: New ser., vol. 2, no. 12 (Aug. 16, 1912).</subfield></datafield><datafield ind1=" " ind2="0" tag="651"><subfield code="a">Page County (Va.)</subfield><subfield code="v">Newspapers.</subfield></datafield><datafield ind1=" " ind2="0" tag="651"><subfield code="a">Luray (Va.)</subfield><subfield code="v">Newspapers.</subfield></datafield><datafield ind1=" " ind2="7" tag="655"><subfield code="a">Newspapers.</subfield><subfield code="2">fast</subfield><subfield code="0">(OCoLC)fst01423814</subfield></datafield><datafield ind1=" " ind2="7" tag="651"><subfield code="a">Virginia</subfield><subfield code="z">Luray.</subfield><subfield code="2">fast</subfield><subfield code="0">(OCoLC)fst01222874</subfield></datafield><datafield ind1=" " ind2="7" tag="651"><subfield code="a">Virginia</subfield><subfield code="z">Page County.</subfield><subfield code="2">fast</subfield><subfield code="0">(OCoLC)fst01225783</subfield></datafield><datafield ind1=" " ind2=" " tag="752"><subfield code="a">United States</subfield><subfield code="b">Virginia</subfield><subfield code="c">Page</subfield><subfield code="d">Luray.</subfield></datafield><datafield ind1="0" ind2="4" tag="780"><subfield code="t">Page news (Luray, Va. : 1892)</subfield><subfield code="w">(DLC)sn 95079133</subfield></datafield><datafield ind1="0" ind2="4" tag="780"><subfield code="t">Page courier</subfield><subfield code="w">(DLC)sn 85025460</subfield></datafield></record>